<record><leader>00000cas a2200000 a 4500</leader><controlfield tag="001">7639423</controlfield><controlfield tag="008">810804d18331834mduwr ne      0    0eng c</controlfield><datafield ind1=" " ind2=" " tag="010"><subfield code="a">sn 93060370 </subfield></datafield><datafield ind1=" " ind2=" " tag="040"><subfield code="a">BTI</subfield><subfield code="b">eng</subfield><subfield code="c">BTI</subfield><subfield code="d">MQN</subfield><subfield code="d">OCL</subfield><subfield code="d">ATL</subfield><subfield code="d">OCLCQ</subfield><subfield code="d">OCLCF</subfield><subfield code="d">OCLCO</subfield></datafield><datafield ind1="1" ind2=" " tag="029"><subfield code="a">AU@</subfield><subfield code="b">000021432847</subfield></datafield><datafield ind1=" " ind2=" " tag="042"><subfield code="a">pcc</subfield></datafield><datafield ind1=" " ind2="4" tag="050"><subfield code="a">BX8001</subfield></datafield><datafield ind1="0" ind2="0" tag="245"><subfield code="a">Lutheran observer and weekly religious visiter.</subfield></datafield><datafield ind1="1" ind2="7" tag="246"><subfield code="a">Lutheran observer</subfield></datafield><datafield ind1=" " ind2=" " tag="260"><subfield code="a">Baltimore :</subfield><subfield code="b">Benjamin Kurtz,</subfield><subfield code="c">1833-1834.</subfield></datafield><datafield ind1=" " ind2=" " tag="300"><subfield code="a">1 v. ;</subfield><subfield code="c">30 cm.</subfield></datafield><datafield ind1=" " ind2=" " tag="310"><subfield code="a">Weekly</subfield></datafield><datafield ind1="0" ind2=" " tag="362"><subfield code="a">New ser., v. 1, no. 1 (Aug. 24, 1833)-new ser., v. 1, no. 30 (Mar. 22, 1834).</subfield></datafield><datafield ind1=" " ind2=" " tag="500"><subfield code="a">Title from caption.</subfield></datafield><datafield ind1=" " ind2=" " tag="530"><subfield code="a">Also issued on microfilm by American Theological Library Association.</subfield></datafield><datafield ind1=" " ind2="0" tag="650"><subfield code="a">Lutheran Church</subfield><subfield code="v">Newspapers.</subfield></datafield><datafield ind1=" " ind2="7" tag="655"><subfield code="a">Newspapers.</subfield><subfield code="2">fast</subfield><subfield code="0">(OCoLC)fst01423814</subfield></datafield><datafield ind1=" " ind2="7" tag="650"><subfield code="a">Lutheran Church.</subfield><subfield code="2">fast</subfield><subfield code="0">(OCoLC)fst01003996</subfield></datafield><datafield ind1=" " ind2=" " tag="752"><subfield code="a">United States</subfield><subfield code="b">Maryland</subfield><subfield code="c">Baltimore</subfield><subfield code="d">Baltimore.</subfield></datafield><datafield ind1="1" ind2=" " tag="776"><subfield code="c">Microfilm</subfield><subfield code="d">American Theological Library Association</subfield><subfield code="w">(DLC)   00221273</subfield><subfield code="w">(OCoLC)9541817</subfield></datafield><datafield ind1="0" ind2="0" tag="780"><subfield code="t">Lutheran observer (Baltimore, Md. : 1831)</subfield><subfield code="w">(DLC)sn 93060361</subfield><subfield code="w">(OCoLC)7639441</subfield></datafield><datafield ind1="0" ind2="0" tag="785"><subfield code="t">Lutheran observer and weekly literary and religious visiter</subfield><subfield code="w">(DLC)sn 93060369</subfield><subfield code="w">(OCoLC)7639405</subfield></datafield></record>